%% This BibTeX bibliography file was created using BibDesk.
%% http://bibdesk.sourceforge.net/


%% Created for Matthias Geissbühler at 2011-03-21 13:46:46 +0100 


%% Saved with string encoding Unicode (UTF-8) 



@techreport{atc13,
	Address = {California},
	Author = {{Applied Technology Council}},
	Date-Modified = {2011-03-21 13:46:44 +0100},
	Institution = {Seismic Safety Commission, Applied Technology Council (\textsc{atc})},
	Keywords = {ATC},
	Owner = {oropeza},
	Timestamp = {2008.01.11},
	Title = {{E}arthquake damage evaluation data for {C}alifornia},
	Year = {1985}}
	
@article{Duan2012,
title = "Multiperiod corporate default prediction — A forward intensity approach ",
journal = "Journal of Econometrics",
year = "2012",
author = "Jin-Chuan Duan and Jie Sun and Tao Wang",
}

@article{DSW,
title = "Multi-period corporate default prediction with stochastic covariates",
journal = "Journal of Econometrics",
year = "2007",
author = "Darrell Duffie and Leandro Saita and Ke Wang",
}

@article{book,
  title={Credit Derivatives Pricing Models},
  author={Sch{\"o}nbucher, P.J.},
  isbn={9780470868171},
  year={2003},
  journal={Wiley}
}

@article{Duan2012DTD,
title ={Measuring Distance-to-Default for Financial and Non-Financial Firms},
journal = {Global Credit Review},
year = {2012},
author = {Jin-Chuan Duan and Tao Wang},
}

@Article{Merton1974,
  author={Merton, Robert C},
  title={{On the pricing of corporate debt: the risk structure of interest rates}},
  journal={The Journal of Finance},
  year=1974,
}

@Article{KMV,
  author={Peter Crosbie and Jeff Bohn},
  title={Modeling Default Risk},
  journal = {Moody's KMV},
  year={2003},
}


@Article{Duffie2009,
  author={Darrel Duffie and Andreas Eckner and Guillaume Horel and Leandro Saita},
  title={{Frailty Correlated Default}},
  journal={The Journal of Finance},
  year=2009,
}

@Article{campbell,
  author={John Campbell and Jens Dietrich Hilscher and Jan Szilagyi},
  title={{Predicting financial distress and the performance of distressed
stocks}},
  journal={Journal of Investment Management},
  year=2001,
}

@Article{leippold,
  author={Leippold, Markus and Maire, Basile and Blochlinger, Andreas},
  title={{Are ratings the worst form of credit assessment apart from all the others?}},
  journal={Swiss Finance Institute Research Paper},
  year=2012,
}

@Article{lorenz,
author = {Lorenz, M. O.},
title = {Methods of Measuring the Concentration of Wealth},
year = 1905,
journal ={Publications of the American Statistical Association},
}


@Article{technicalreport,
  author={Olivier Chen},
  title={{Credit Rating Initiative Technical Report}},
  year=2011,
}

@article{antweiler2004all,
  title={Is all that talk just noise? {T}he information content of {I}nternet stock message boards},
  author={Antweiler, Werner and Frank, Murray Z},
  journal={The Journal of Finance},
  year={2004},
}

@article{challet2013predicting,
  title={Predicting financial markets with Google Trends and not so random keywords},
  author={Challet, Damien and Ayed, Ahmed Bel Hadj},
  journal={arXiv preprint arXiv:1307.4643},
  year={2013}
}

@article{shirata2011extracting,
  title={Extracting key phrases as predictors of corporate bankruptcy: Empirical analysis of annual reports by text mining},
  author={Shirata, Cindy Yoshiko and Takeuchi, Hironori and Ogino, Shiho and Watanabe, Hideo},
  journal={Journal of emerging technologies in accounting},
  year={2011},
  publisher={American Accounting Assocation}
}

@article{cecchini2010making,
  title={Making words work: Using financial text as a predictor of financial events},
  author={Cecchini, Mark and Aytug, Haldun and Koehler, Gary J and Pathak, Praveen},
  journal={Decision Support Systems},
  year={2010},
  publisher={Elsevier}
}

@article{renault2017intraday,
  title={Intraday online investor sentiment and return patterns in the {US} stock market},
  author={Renault, Thomas},
  journal={Journal of Banking \& Finance},
  year={2017},
  publisher={Elsevier}
}

@article{tetlock2008more,
  title={More than words: Quantifying language to measure firms' fundamentals},
  author={Tetlock, Paul C and Saar-Tsechansky, Maytal and Macskassy, Sofus},
  journal={The Journal of Finance},
  year={2008},
}

@article{loughran2011liability,
  title={When is a liability not a liability? {T}extual analysis, dictionaries, and 10-{K}s},
  author={Loughran, Tim and McDonald, Bill},
  journal={The Journal of Finance},
  year={2011},
  publisher={Wiley Online Library}
}

@article{loughran2011barron,
  title={Barron's red flags: do they actually work?},
  author={Loughran, Tim and McDonald, Bill},
  journal={Journal of Behavioral Finance},
  year={2011},
}

@inproceedings{pang2002thumbs,
  title={Thumbs up?: sentiment classification using machine learning techniques},
  author={Pang, Bo and Lee, Lillian and Vaithyanathan, Shivakumar},
  booktitle={Proceedings of the ACL-02 conference on Empirical methods in natural language processing-Volume 10},
  year={2002},
  organization={Association for Computational Linguistics}
}

@article{sprenger2014tweets,
  title={Tweets and trades: the information content of stock microblogs},
  author={Sprenger, Timm O and Tumasjan, Andranik and Sandner, Philipp G and Welpe, Isabell M},
  journal={European Financial Management},
  year={2014},
  publisher={Wiley Online Library}
}

@book{HarringtonMLA,
 author = {Harrington, Peter},
 title = {Machine Learning in Action},
 year = {2012},
 publisher = {Manning Publications Co.},
 address = {Greenwich, CT, USA},
} 

@book{ShuklaMLTF,
 author = {Shukla, Nishant},
 title = {Machine Learning with TensorFlow},
 year = {2018},
 publisher = {Manning Publications Co.},
 address = {Greenwich, CT, USA},
} 

@book{Jurafsky,
 author = {Jurafsky, Daniel and Martin, James H.},
 title = {Speech and Language Processing: An Introduction to Natural Language Processing, Computational Linguistics, and Speech Recognition},
 year = {2000},
 isbn = {0130950696},
 edition = {1st},
 publisher = {Prentice Hall PTR},
 address = {Upper Saddle River, NJ, USA},
} 

@article{ontherisefintech,
  title={On the Rise of the FinTechs - Credit Scoring using Digital Footprints},
  author={Puri, Manju and Berg, Tobias and Burg, Valentin and Gombović, Ana},
  journal={Working paper},
  year={2018},
}


@article{altman,
 author = {Edward I. Altman},
 journal = {The Journal of Finance},
 title = {Financial Ratios, Discriminant Analysis and the Prediction of Corporate Bankruptcy},
 year = {1968}
}

  @article{hawkes,
  title={Spectra of some self-exciting and mutually exciting point processes},
  author={Hawkes, Alan G},
  journal={Biometrika},
  volume={58},
  number={1},
  pages={83--90},
  year={1971},
  publisher={Biometrika Trust},
  doi = {https://doi.org/10.1093/biomet/58.1.83}
}

@book{pearl,
  title={Probabilistic reasoning in intelligent systems: networks of plausible inference},
  author={Pearl, Judea},
  year={1988},
  publisher={Morgan Kaufmann}
}


@inproceedings{quinn2013robust,
  title={Robust directed tree approximations for networks of stochastic processes},
  author={Quinn, Christopher J and Etesami, Jalal and Kiyavash, Negar and Coleman, Todd P},
  booktitle={2013 IEEE International Symposium on Information Theory},
  pages={2254--2258},
  year={2013},
  organization={IEEE},
  DOI= {https://doi.org/10.1109/ISIT.2013.6620627}
}

@article{quinn2015bounded,
  title={Bounded degree approximations of stochastic networks},
  author={Quinn, Christopher J and Pinar, Ali and Kiyavash, Negar},
  journal={IEEE Transactions on Molecular, Biological and Multi-Scale Communications},
  year={2017},
  doi = {https://doi.org/10.1109/TMBMC.2017.2686387}
}

@article{paninski2003estimation,
  title={Estimation of entropy and mutual information},
  author={Paninski, Liam},
  journal={Neural Computation},
  year={2003},
  publisher={MIT Press},
  doi = {https://doi.org/10.1162/089976603321780272}
}

@article{etesami2018econometric,
  title={Econometric Modeling of Systemic Risk: A Time Series Approach},
  author={Etesami, Jalal and Habibnia, Ali and Kiyavash, Negar},
  year={2018},
  journal={SSRN},
  doi = {https://doi.org/10.475/123_4}
}

@article{quinn2013efficient,
  title={Efficient methods to compute optimal tree approximations of directed information graphs},
  author={Quinn, Christopher J and Kiyavash, Negar and Coleman, Todd P},
  journal={IEEE Transactions on Signal Processing},
  year={2013},
  doi = {https://doi.org/10.1109/TSP.2013.2259161}
}

@article{noshad2019scalable,
  title={Scalable mutual information estimation using dependence graphs},
  author={Noshad, Morteza and Zeng, Yu and Hero, Alfred O},
  journal={International Conference on Acoustics, Speech and Signal Processing},
  year={2019},
  doi = {https://doi.org/10.1109/ICASSP.2019.8683351}
}

@article{HORNIK1989359,
title = "Multilayer feedforward networks are universal approximators",
journal = "Neural Networks",
year = "1989",
author = "Kurt Hornik and Maxwell Stinchcombe and Halbert White",
doi = {https://doi.org/10.1016/0893-6080(89)90020-8}
}

@article{culver1966existence,
  title={On the existence and uniqueness of the real logarithm of a matrix},
  author={Culver, Walter J},
  journal={Proceedings of the American Mathematical Society},
  year={1966},
  publisher={JSTOR},
  doi = {https://doi.org/10.2307/2036109}
}

@article{iacopini2019bayesian,
  title={Bayesian nonparametric graphical models for time-varying parameters {VAR}},
  author={Iacopini, Matteo and Rossini, Luca},
  year={2019},
  journal={SSRN},
  doi = {http://dx.doi.org/10.2139/ssrn.3400078 }
}

@article{sim2015oil,
  title={Oil prices, US stock return, and the dependence between their quantiles},
  author={Sim, Nicholas and Zhou, Hongtao},
  journal={Journal of Banking \& Finance},
  volume={55},
  pages={1--8},
  year={2015},
  publisher={Elsevier}
}

@article{bonaccolto2017estimation,
  title={Estimation and model-based combination of causality networks},
  author={Bonaccolto, Giovanni and Caporin, Massimiliano and Panzica, Roberto},
  year={2017},
  publisher={SAFE Working Paper}
}

@article{korobilis2019adaptive,
  title={Adaptive hierarchical priors for high-dimensional vector autoregressions},
  author={Korobilis, Dimitris and Pettenuzzo, Davide},
  journal={Journal of Econometrics},
  volume={212},
  number={1},
  pages={241--271},
  year={2019},
  publisher={Elsevier}
}

@article{bernardi2019high,
  title={High-dimensional sparse financial networks through a regularised regression model},
  author={Bernardi, Mauro and Costola, Michele},
  year={2019},
  journal={SAFE Working Paper},
  doi = {https://dx.doi.org/10.2139/ssrn.3342240}
}

@article{petrova2019quasi,
  title={A quasi-{B}ayesian local likelihood approach to time-varying parameter {VAR} models},
  author={Petrova, Katerina},
  journal={Journal of Econometrics},
  year={2019},
  publisher={Elsevier},
  doi = {https://doi.org/10.1016/j.jeconom.2019.04.031}
}

@article{andersen2015parametric,
  title={Parametric inference and dynamic state recovery from option panels},
  author={Andersen, Torben G and Fusari, Nicola and Todorov, Viktor},
  journal={Econometrica},
  volume={83},
  number={3},
  pages={1081--1145},
  year={2015},
  publisher={Wiley Online Library}
}


@article{jeong2012consistent,
  title={A consistent nonparametric test for causality in quantile},
  author={Jeong, Kiho and H{\"a}rdle, Wolfgang K and Song, Song},
  journal={Econometric Theory},
  pages={861--887},
  year={2012},
  publisher={JSTOR}
}

@article{koenker1978regression,
  title={Regression quantiles},
  author={Koenker, Roger and Bassett Jr, Gilbert},
  journal={Econometrica: journal of the Econometric Society},
  pages={33--50},
  year={1978},
  publisher={JSTOR}
}

@article{hong2009granger,
  title={Granger causality in risk and detection of extreme risk spillover between financial markets},
  author={Hong, Yongmiao and Liu, Yanhui and Wang, Shouyang},
  journal={Journal of Econometrics},
  year={2009},
  publisher={Elsevier},
  doi = {https://doi.org/10.1016/j.jeconom.2008.12.013}
}

@article{corsi2018measuring,
  title={Measuring the propagation of financial distress with {G}ranger-causality tail risk networks},
  author={Corsi, Fulvio and Lillo, Fabrizio and Pirino, Davide and Trapin, Luca},
  journal={Journal of Financial Stability},
  year={2018},
  publisher={Elsevier},
  doi = {https://doi.org/10.1016/j.jfs.2018.06.003}
}

@article{billio2018networks,
  title={Networks in risk spillovers: A multivariate {GARCH} perspective},
  author={Billio, Monica and Caporin, Massimiliano and Frattarolo, Lorenzo and Pelizzon, Loriana},
  year={2018},
  journal={SAFE Working Paper},
  doi = {http://dx.doi.org/10.2139/ssrn.3239369}
}

@article{bonaccolto2019estimation,
  title={Estimation and model-based combination of causality networks among large {US} banks and insurance companies},
  author={Bonaccolto, Giovanni and Caporin, Massimiliano and Panzica, Roberto},
  journal={Journal of Empirical Finance},
  year={2019},
  publisher={Elsevier},
  doi = {https://doi.org/10.1016/j.jempfin.2019.08.008}
}

@article{andersen2019unified,
  title={Unified inference for nonlinear factor models from panels with fixed and large time span},
  author={Andersen, Torben G and Fusari, Nicola and Todorov, Viktor and Varneskov, Rasmus T},
  journal={Journal of Econometrics},
  volume={212},
  number={1},
  pages={4--25},
  year={2019},
  publisher={Elsevier}
}


@article{janzing2013quantifying,
  title={Quantifying causal influences},
  author={Janzing, Dominik and Balduzzi, David and Grosse-Wentrup, Moritz and Sch{\"o}lkopf, Bernhard and others},
  journal={The Annals of Statistics},
  volume={41},
  number={5},
  pages={2324--2358},
  year={2013},
  publisher={Institute of Mathematical Statistics}
}

@article{schamberg2019measuring,
  title={Measuring Sample Path Causal Influences with Relative Entropy},
  author={Schamberg, Gabriel and Coleman, Todd P},
  journal={IEEE Transactions on Information Theory},
  volume={66},
  number={5},
  pages={2777--2798},
  year={2019},
  publisher={IEEE}
}

@article{park2008bayesian,
  title={The bayesian lasso},
  author={Park, Trevor and Casella, George},
  journal={Journal of the American Statistical Association},
  volume={103},
  number={482},
  pages={681--686},
  year={2008},
  publisher={Taylor \& Francis}
}


@article{billio2019bayesian,
  title={Bayesian nonparametric sparse {VAR} models},
  author={Billio, Monica and Casarin, Roberto and Rossini, Luca},
  journal={Journal of Econometrics},
  year={2019},
  publisher={Elsevier},
  doi = {https://doi.org/10.1016/j.jeconom.2019.04.022}
}

@article{kalli2018bayesian,
  title={Bayesian nonparametric vector autoregressive models},
  author={Kalli, Maria and Griffin, Jim E},
  journal={Journal of Econometrics},
  year={2018},
  publisher={Elsevier},
  doi = {https://doi.org/10.1016/j.jeconom.2017.11.009}
}

@book{cochrane2009asset,
  title={Asset pricing: Revised edition},
  author={Cochrane, John H},
  year={2009},
  publisher={Princeton university press}
}

@article{mauroy2019koopman,
  title={Koopman-based lifting techniques for nonlinear systems identification},
  author={Mauroy, Alexandre and Goncalves, Jorge},
  journal={IEEE Transactions on Automatic Control},
  year={2019},
  publisher={IEEE},
  doi = {https://doi.org/10.1109/TAC.2019.2941433}
}

@article{koopman1931hamiltonian,
  title={Hamiltonian systems and transformation in {H}ilbert space},
  author={Koopman, Bernard O},
  journal={Proceedings of the National Academy of Sciences of the United States of America},
  year={1931},
  publisher={National Academy of Sciences},
  doi = {https://dx.doi.org/10.1073/pnas.17.5.315}
}

@article{vassalou2003news,
  title={News related to future GDP growth as a risk factor in equity returns},
  author={Vassalou, Maria},
  journal={Journal of financial economics},
  volume={68},
  number={1},
  pages={47--73},
  year={2003},
  publisher={Elsevier}
}


@article{bianchi2019modeling,
  title={Modeling systemic risk with {M}arkov switching graphical {SUR} models},
  author={Bianchi, Daniele and Billio, Monica and Casarin, Roberto and Guidolin, Massimo},
  journal={Journal of Econometrics},
  year={2019},
  publisher={Elsevier},
  doi = {https://doi.org/10.1016/j.jeconom.2018.11.005}
}


@article{acc2014,
  title={Directed Information Graphs: A generalization of Linear Dynamical Graphs},
  author={Etesami, Jalal and Kiyavash, Negar},
  journal={American Control Conference},
  year={2014},
  doi = {https://doi.org/10.1109/ACC.2014.6859362}
}

@article{sricharan2011k,
  title={K-nearest neighbor estimation of entropies with confidence},
  author={Sricharan, Kumar and Raich, Raviv and Hero, Alfred O},
  journal={Information Theory Proceedings},
  year={2011},
  doi = {https://doi.org/10.1109/ISIT.2011.6033726}
}



@article{bacry2014hawkes,
  title={Hawkes model for price and trades high-frequency dynamics},
  author={Bacry, Emmanuel and Muzy, Jean-Fran{\c{c}}ois},
  journal={Quantitative Finance},
  volume={14},
  number={7},
  pages={1147--1166},
  year={2014},
  publisher={Taylor \& Francis}
}

@article{barigozzi2016network,
  title={A network analysis of the volatility of high dimensional financial series},
  author={Barigozzi, Matteo and Hallin, Marc},
  journal={Journal of the Royal Statistical Society},
  year={2016},
  publisher={Wiley Online Library},
  doi = {https://doi.org/10.1111/rssc.12177}
}

@article{acharya2010measuring,
  title={Measuring systemic risk},
  author={Acharya, Viral V and Pedersen, Lasse Heje and Philippon, Thomas and Richardson, Matthew P},
  year={2010},
  publisher={FRB of Cleveland Working Paper}
}

@article{adrian2008staff,
  title={Staff Report No348},
  author={Adrian, Tobias and Brunnermeier, Markus},
  journal={Federal Reserve Bank of New York},
  year={2008}
}

@article{engle2012dynamic,
  title={Dynamic equicorrelation},
  author={Engle, Robert and Kelly, Bryan},
  journal={Journal of Business \& Economic Statistics},
  volume={30},
  number={2},
  pages={212--228},
  year={2012},
  publisher={Taylor \& Francis Group}
}

@article{hue2019measuring,
  title={Measuring network systemic risk contributions: A leave-one-out approach},
  author={Hu{\'e}, Sullivan and Lucotte, Yannick and Tokpavi, Sessi},
  journal={Journal of Economic Dynamics and Control},
  volume={100},
  pages={86--114},
  year={2019},
  publisher={Elsevier}
}

@article{loftsgaarden1965nonparametric,
  title={A nonparametric estimate of a multivariate density function},
  author={Loftsgaarden, Don O and Quesenberry, Charles P and others},
  journal={The Annals of Mathematical Statistics},
  year={1965},
  publisher={Institute of Mathematical Statistics},
  doi = {https://doi.org/10.1214/aoms/1177700079}
}


@inproceedings{schamberg2019bias,
  title={On the bias of directed information estimators},
  author={Schamberg, Gabriel and Coleman, Todd P},
  booktitle={2019 IEEE International Symposium on Information Theory (ISIT)},
  pages={186--190},
  year={2019},
  organization={IEEE}
}


@article{cover2012elements,
  title={Elements of Information Theory},
  author={Cover, Thomas M and Thomas, Joy A},
  year={2012},
  journal={John Wiley \& Sons}
}

@incollection{kruger2008developments,
  title={Developments and applications of nonlinear principal component analysis-a review},
  author={Kruger, Uwe and Zhang, Junping and Xie, Lei},
  booktitle={Principal manifolds for data visualization and dimension reduction},
  pages={1--43},
  year={2008},
  publisher={Springer}
}


@article{billio2015granger,
  title={Granger causality in Markov switching models},
  author={Billio, Monica and Di Sanzo, Silvio},
  journal={Journal of Applied Statistics},
  volume={42},
  number={5},
  pages={956--966},
  year={2015},
  publisher={Taylor \& Francis}
}

@article{dufour2010short,
  title={Short and long run causality measures: Theory and inference},
  author={Dufour, Jean-Marie and Taamouti, Abderrahim},
  journal={Journal of Econometrics},
  volume={154},
  number={1},
  pages={42--58},
  year={2010},
  publisher={Elsevier}
}

@inproceedings{quinn2011generalized,
  title={A generalized prediction framework for {G}ranger causality},
  author={Quinn, Christopher J and Cole, Todd P and Kiyavash, Negar},
  booktitle={Computer Communications Workshops (INFOCOM WKSHPS), 2011 IEEE Conference on},
  pages={906--911},
  year={2011},
  organization={IEEE}
}

@article{pesaran1998generalized,
  title={Generalized impulse response analysis in linear multivariate models},
  author={Pesaran, H Hashem and Shin, Yongcheol},
  journal={Economics letters},
  volume={58},
  number={1},
  pages={17--29},
  year={1998},
  publisher={Elsevier}
}

@article{koop1996impulse,
  title={Impulse response analysis in nonlinear multivariate models},
  author={Koop, Gary and Pesaran, M Hashem and Potter, Simon M},
  journal={Journal of Econometrics},
  volume={74},
  number={1},
  pages={119--147},
  year={1996},
  publisher={Elsevier}
}

@article{billio2010measuring,
  title={Measuring systemic risk in the finance and insurance sectors},
  author={Billio, Monica and Getmansky, Mila and Lo, Andrew W and Pelizzon, Loriana},
  year={2010},
  journal={MIT Sloan School of Management Working Paper},
  doi = {http://hdl.handle.net/1721.1/66679}
}

@article{allen2010financial,
  title={Financial connections and systemic risk},
  author={Allen, Franklin and Babus, Ana and Carletti, Elena},
  year={2010},
  journal={National Bureau of Economic Research}
}

@article{pesaran1998generalized,
  title={Generalized impulse response analysis in linear multivariate models},
  author={Pesaran, H Hashem and Shin, Yongcheol},
  journal={Economics letters},
  volume={58},
  number={1},
  pages={17--29},
  year={1998},
  publisher={Elsevier}
}

@article{diebold2014network,
  title={On the network topology of variance decompositions: Measuring the connectedness of financial firms},
  author={Diebold, Francis X and Y{\i}lmaz, Kamil},
  journal={Journal of Econometrics},
  year={2014},
  publisher={Elsevier},
  doi = {https://doi.org/10.1016/j.jeconom.2014.04.012}
}

@book{musicus1988levinson,
  title={Levinson and fast Choleski algorithms for Toeplitz and almost Toeplitz matrices},
  author={Musicus, Bruce Ronald},
  year={1988},
  publisher={Citeseer}
}

@article{materassi2012problem,
  title={On the problem of reconstructing an unknown topology via locality properties of the Wiener filter},
  author={Materassi, Donatello and Salapaka, Murti V},
  journal={Automatic Control, IEEE Transactions on},
  volume={57},
  number={7},
  pages={1765--1777},
  year={2012},
  publisher={IEEE}
}

@book{lomax2013statistical,
  title={Statistical concepts: A second course},
  author={Lomax, Richard G and Hahs-Vaughn, Debbie L},
  year={2013},
  publisher={Routledge}
}

@article{schweitzer2009economic,
  title={Economic networks: The new challenges},
  author={Schweitzer, Frank and Fagiolo, Giorgio and Sornette, Didier and Vega-Redondo, Fernando and Vespignani, Alessandro and White, Douglas R},
  journal={science},
  volume={325},
  number={5939},
  pages={422},
  year={2009}
}

@article{schwarz1978estimating,
  title={Estimating the dimension of a model},
  author={Schwarz, Gideon and others},
  journal={The annals of statistics},
  volume={6},
  number={2},
  pages={461--464},
  year={1978},
  publisher={Institute of Mathematical Statistics}
}

@article{barigozzi2015networks,
  title={Networks, Dynamic Factors, and the Volatility Analysis of High-Dimensional Financial Series},
  author={Barigozzi, Matteo and Hallin, Marc},
  journal={arXiv preprint arXiv:1510.05118},
  year={2015}
}

@article{correlcrisis,
author = {Longin, François and Solnik, Bruno},
title = {Extreme Correlation of International Equity Markets},
journal = {The Journal of Finance},
year = {2001},
doi = {https://doi.org/10.1111/0022-1082.00340}
}

@article{psaradakis2005markov,
  title={Markov switching causality and the money--output relationship},
  author={Psaradakis, Zacharias and Ravn, Morten O and Sola, Martin},
  journal={Journal of Applied Econometrics},
  year={2005},
  publisher={Wiley Online Library},
  doi = {https://doi.org/10.1002/jae.819}
}

@article{billio2012econometric,
  title={Econometric measures of connectedness and systemic risk in the finance and insurance sectors},
  author={Billio, Monica and Getmansky, Mila and Lo, Andrew W and Pelizzon, Loriana},
  journal={Journal of Financial Economics},
  year={2012},
  publisher={Elsevier},
  doi = {https://doi.org/10.1016/j.jfineco.2011.12.010}
}

@article{kraskov2004estimating,
  title={Estimating mutual information},
  author={Kraskov, Alexander and St{\"o}gbauer, Harald and Grassberger, Peter},
  journal={Physical review E},
  volume={69},
  number={6},
  pages={066138},
  year={2004},
  publisher={APS}
}

@article{frenzel2007partial,
  title={Partial mutual information for coupling analysis of multivariate time series},
  author={Frenzel, Stefan and Pompe, Bernd},
  journal={Physical review letters},
  volume={99},
  number={20},
  pages={204101},
  year={2007},
  publisher={APS}
}

@article{jiao2013universal,
  title={Universal estimation of directed information},
  author={Jiao, Jiantao and Permuter, Haim H and Zhao, Lei and Kim, Young-Han and Weissman, Tsachy},
  journal={Information Theory},
  year={2013},
  publisher={IEEE},
  doi = {https://doi.org/10.1109/TIT.2013.2267934}
}

@book{cesa2006prediction,
  title={Prediction, learning, and games},
  author={Cesa-Bianchi, Nicolo and Lugosi, G{\'a}bor},
  year={2006},
  publisher={Cambridge university press}
}



@article{rissanen1987measures,
  title={Measures of mutual and causal dependence between two time series (Corresp.)},
  author={Rissanen, Jorma and Wax, Mati},
  journal={Information Theory, IEEE Transactions on},
  volume={33},
  number={4},
  pages={598--601},
  year={1987},
  publisher={IEEE}
}

@article{marko1973bidirectional,
  title={The bidirectional communication theory--a generalization of information theory},
  author={Marko, Hans},
  journal={Communications, IEEE Transactions on},
  volume={21},
  number={12},
  pages={1345--1351},
  year={1973},
  publisher={IEEE}
}

@article{dahlhaus2003causality,
  title={Causality and graphical models in time series analysis},
  author={Dahlhaus, Rainer and Eichler, Michael},
  journal={Oxford Statistical Science Series},
  pages={115--137},
  year={2003},
  publisher={Citeseer}
}

@inproceedings{quinn2011generalized,
  title={A generalized prediction framework for {G}ranger causality},
  author={Quinn, Christopher J and Cole, Todd P and Kiyavash, Negar},
  booktitle={Computer Communications Workshops (INFOCOM WKSHPS), 2011 IEEE Conference on},
  pages={906--911},
  year={2011},
  organization={IEEE}
}

@article{granger1963economic,
  title={Economic processes involving feedback},
  author={Granger, Clive William John},
  journal={Information and Control},
  year={1963},
  publisher={Elsevier},
  doi = {https://doi.org/10.1016/S0019-9958(63)90092-5}
}

@phdthesis{murphy2002dynamic,
  title={Dynamic bayesian networks: representation, inference and learning},
  author={Murphy, Kevin Patrick},
  year={2002},
  school={University of California, Berkeley}
}

@article{chavez2003statistical,
  title={Statistical assessment of nonlinear causality: application to epileptic EEG signals},
  author={Ch{\'a}vez, Mario and Martinerie, Jacques and Le Van Quyen, Michel},
  journal={Journal of neuroscience methods},
  volume={124},
  number={2},
  pages={113--128},
  year={2003},
  publisher={Elsevier}
}

@article{schreiber2000measuring,
  title={Measuring information transfer},
  author={Schreiber, Thomas},
  journal={Physical review letters},
  volume={85},
  number={2},
  pages={461},
  year={2000},
  publisher={APS}
}

@book{pearl2009causality,
  title={Causality},
  author={Pearl, Judea},
  year={2009},
  publisher={Cambridge university press}
}

@article{weissman2013directed,
  title={Directed information, causal estimation, and communication in continuous time},
  author={Weissman, Tsachy and Kim, Young-Han and Permuter, Haim H},
  journal={Information Theory, IEEE Transactions on},
  volume={59},
  number={3},
  pages={1271--1287},
  year={2013},
  publisher={IEEE}
}

@article{muni2011modelling,
  title={Modelling trades-through in a limited order book using hawkes processes},
  author={Muni Toke, Ioane and Pomponio, Fabrizio},
  journal={Economics discussion paper},
  number={2011-32},
  year={2011}
}

@article{muni2011modelling,
  title={Modelling trades-through in a limited order book using hawkes processes},
  author={Muni Toke, Ioane and Pomponio, Fabrizio},
  journal={Economics discussion paper},
  number={2011-32},
  year={2011}
}

@article{ozaki1979maximum,
  title={Maximum likelihood estimation of Hawkes' self-exciting point processes},
  author={Ozaki, Tohru},
  journal={Annals of the Institute of Statistical Mathematics},
  volume={31},
  number={1},
  pages={145--155},
  year={1979},
  publisher={Springer}
}

@inproceedings{yang2013mixture,
  title={Mixture of mutually exciting processes for viral diffusion},
  author={Yang, Shuang-Hong and Zha, Hongyuan},
  booktitle={Proceedings of the 30th International Conference on Machine Learning (ICML-13)},
  pages={1--9},
  year={2013}
}


@article{bacry2014second,
  title={Second order statistics characterization of Hawkes processes and non-parametric estimation},
  author={Bacry, Emmanuel and Muzy, Jean-Francois},
  journal={preprint arXiv:1401.0903},
  year={2014}
}

@article{black1973pricing,
  title={The pricing of options and corporate liabilities},
  author={Black, Fischer and Scholes, Myron},
  journal={The journal of political economy},
  pages={637--654},
  year={1973},
  publisher={JSTOR}
}

@article{linderman2014discovering,
  title={Discovering latent network structure in point process data},
  author={Linderman, Scott W and Adams, Ryan P},
  journal={preprint arXiv:1402.0914},
  year={2014}
}
@article{21,
  title={Self-exciting point process modeling of crime},
  author={Mohler, George O and Short, Martin B and Brantingham, P Jeffrey and Schoenberg, Frederic Paik and Tita, George E},
  journal={Journal of the American Statistical Association},
  volume={106},
  number={493},
  year={2011}
}

@inproceedings{marvcek1998stock,
  title={Stock Price Prediction Using Autoregressive Models and Signal Processing Procedures},
  author={Mar{\v{c}}ek, D},
  booktitle={Proceedings of the 16th Conference MME},
  volume={98},
  pages={114--121},
  year={1998}
}

@article{heston1993closed,
  title={A closed-form solution for options with stochastic volatility with applications to bond and currency options},
  author={Heston, Steven L},
  journal={Review of financial studies},
  volume={6},
  number={2},
  pages={327--343},
  year={1993},
  publisher={Soc Financial Studies}
}

@article{bacry2013modelling,
  title={Modelling microstructure noise with mutually exciting point processes},
  author={Bacry, Emmanuel and Delattre, Sylvain and Hoffmann, Marc and Muzy, Jean-Fran{\c{c}}ois},
  journal={Quantitative Finance},
  volume={13},
  number={1},
  pages={65--77},
  year={2013},
  publisher={Taylor \& Francis}
}


@book{jeffrey2005complex,
  title={Complex analysis and applications},
  author={Jeffrey, Alan},
  volume={10},
  year={2005},
  publisher={CRC Press}
}

@article{23,
  title={Seismicity analysis through point-process modeling: A review},
  author={Ogata, Yosihiko},
  journal={Pure and Applied Geophysics},
  volume={155},
  number={2-4},
  pages={471--507},
  year={1999},
  publisher={Springer}
}


@article{28,
  title={Adaptive estimation for Hawkes processes; application to genome analysis},
  author={Reynaud-Bouret, Patricia and Schbath, Sophie and others},
  journal={The Annals of Statistics},
  volume={38},
  number={5},
  pages={2781--2822},
  year={2010},
  publisher={Institute of Mathematical Statistics}
}

@article{7,
  title={Modelling security market events in continuous time: Intensity based, multivariate point process models},
  author={Bowsher, Clive G},
  journal={Journal of Econometrics},
  volume={141},
  number={2},
  pages={876--912},
  year={2007},
  publisher={Elsevier}
}

@article{bacry,
  title={Some limit theorems for Hawkes processes and application to financial statistics},
  author={Bacry, Emmanuel and Delattre, Sylvain and Hoffmann, Marc and Muzy, Jean-Francois},
  journal={Stochastic Processes and their Applications},
  volume={123},
  number={7},
  pages={2475--2499},
  year={2013},
  publisher={Elsevier}
}


@article{bacrynon,
  title={Non-parametric kernel estimation for symmetric Hawkes processes. Application to high frequency financial data},
  author={Bacry, Emmanuel and Dayri, Khalil and Muzy, Jean-Francois},
  journal={The European Physical Journal B},
  volume={85},
  number={5},
  pages={1--12},
  year={2012},
  publisher={Springer}
}

@article{spike,
  title={Estimating the directed information to infer causal relationships in ensemble neural spike train recordings},
  author={Quinn, Christopher J and Coleman, Todd P and Kiyavash, Negar and Hatsopoulos, Nicholas G},
  journal={Journal of Computational Neuroscience},
  year={2011},
  doi = {https://doi.org/10.1007/s10827-010-0247-2}
}

@book{koller2009probabilistic,
  title={Probabilistic graphical models: principles and techniques},
  author={Koller, Daphne and Friedman, Nir},
  year={2009},
  publisher={MIT press}
}

@article{granger,
  title={Investigating causal relations by econometric models and cross-spectral methods},
  author={Granger, Clive WJ},
  journal={Econometrica},
  year={1969},
  publisher={JSTOR},
  doi = {https://doi.org/10.2307/1912791}
}

@article{stationaryp,
  title={Stability of nonlinear Hawkes processes},
  author={Br{\'e}maud, Pierre and Massouli{\'e}, Laurent},
  journal={The Annals of Probability},
  pages={1563--1588},
  year={1996},
  publisher={JSTOR}
}

@phdthesis{kramer,
  title={Directed information for channels with feedback},
  author={Kramer, Gerhard},
  year={1998},
  school={University of Manitoba, Canada}
}

@article{di12,
  title={A {G}ranger causality measure for point process models of ensemble neural spiking activity},
  author={Kim, Sanggyun and Putrino, David and Ghosh, Soumya and Brown, Emery N},
  journal={PLoS one},
  year={2011},
  publisher={Public Library of Science},
  doi = {https://doi.org/10.1371/journal.pcbi.1001110}
}

@phdthesis{application,
  title={Multivariate hawkes processes},
  author={Liniger, Thomas Josef},
  year={2009},
  school={Diss., Eidgen{\"o}ssische Technische Hochschule ETH Z{\"u}rich, Nr. 18403, 2009}
}

@article{wiener1956theory,
  title={The theory of prediction},
  author={Wiener, Norbert},
  journal={Modern Mathematics for Engineers},
  year={1956}
}

@article{equivalence,
  title={Equivalence between minimal generative model graphs and directed information graphs},
  author={Quinn, Christopher J and Kiyavash, Negar and Coleman, Todd P},
  booktitle={International Symposium on Information Theory},
  pages={293--297},
  year={2011},
  organization={IEEE}
}


@article{massey,
  title={Causality, feedback and directed information},
  author={Massey, J},
  journal={International Symposium on Information Theory},
  year={1990},
}

@inproceedings{nets,
  title={A generalized prediction framework for {G}ranger causality},
  author={Quinn, Christopher J and Coleman, Todd P and Kiyavash, Negar},
  booktitle={IEEE Conf. on Computer Communications Workshops (INFOCOM WKSHPS),},
  pages={906--911},
  year={2011},
}

@article{ML,
  title={Maximum likelihood estimation of Hawkes' self-exciting point processes},
  author={Ozaki, T},
  journal={Annals of the Institute of Statistical Mathematics},
  volume={31},
  number={1},
  pages={145--155},
  year={1979},
  publisher={Springer}
}

@book{horn2012matrix,
  title={Matrix analysis},
  author={Horn, Roger A and Johnson, Charles R},
  year={2012},
  publisher={Cambridge university press}
}

@inproceedings{pinto2015trend,
  title={Trend detection in social networks using Hawkes processes},
  author={Pinto, Julio Cesar Louzada and Chahed, Tijani and Altman, Eitan},
  booktitle={Proceedings of the 2015 IEEE/ACM International Conference on Advances in Social Networks Analysis and Mining 2015},
  pages={1441--1448},
  year={2015},
  organization={ACM}
}

@inproceedings{ML2,
  title={Learning triggering kernels for multi-dimensional hawkes processes},
  author={Zhou, Ke and Zha, Hongyuan and Song, Le},
  booktitle={Proceedings of the 30th International Conference on Machine Learning (ICML-13)},
  pages={1301--1309},
  year={2013}
}

@article{directed,
  title={Directed information graphs},
  author={Quinn, Christopher and Kiyavash, Negar and Coleman, Todd P},
  journal={Transactions on Information Theory},
  year={2015},
  publisher={IEEE},
  doi = {https://doi.org/10.1109/TIT.2015.2478440}
}


@article{EM,
  title={A nonparametric em algorithm for multiscale hawkes processes},
  author={Lewis, Erik and Mohler, George},
  journal={Preprint},
  year={2011}
}

@article{din_16,
  title={On the conditional distribution of the multivariate t distribution},
  author={Ding, Peng},
  journal={The American Statistician},
  volume={70},
  number={3},
  pages={293--295},
  year={2016},
  publisher={Taylor \& Francis}
}

@article{tsai2009,
  title={Feature selection in bankruptcy prediction},
  author={Tsai, Chih-Fong},
  journal={Knowledge-Based Systems},
  year={2009},
  doi = {https://doi.org/10.1016/j.knosys.2008.08.002}
}


@article{fs1,
  title={Evaluating feature selection methods for learning in data mining applications},
  author={Piramuthu, Selwyn},
  journal={European Journal of Operational Research},
  year={2004},
  doi = {https://doi.org/10.1016/S0377-2217(02)00911-6}
}

@article{fs2,
  title={A {GA}-based feature selection and parameters optimization for support vector machines},
  author={Huang, Cheng-Lung and Wang, Chieh-Jen},
  journal={Expert Systems with Applications},
  year={2006},
  doi = {https://doi.org/10.1016/j.eswa.2005.09.024}
}

@article{fs_stock,
  title={Feature Selection for Stock Market Analysis},
  author={He Yuqinq and Fataliyev Kamaladdin and Wang Lipo},
  journal={International Conference on Neural Information Processing},
  year={2013},
  doi = {http://dx.doi.org/10.1007/978-3-642-42042-9_91}
}

@article{fs_fraud,
  title={Selecting macroeconomic influencers on stock markets by using feature selection algorithms.},
  author={Altinbas, H. and Biskin, O. T.},
  journal={Procedia Economics and Finance},
  year={2015},
  doi = {http://dx.doi.org/10.1016/S2212-5671(15)01251-4}}

@article{chawla2004special,
  title={Special issue on learning from imbalanced data sets},
  author={Chawla, Nitesh V and Japkowicz, Nathalie and Kotcz, Aleksander},
  journal={ACM SIGKDD Explorations Newsletter},
  year={2004},
  publisher={ACM New York, NY, USA}
}

@article{fama1969,
 author = {Eugene F. Fama and Lawrence Fisher and Michael C. Jensen and Richard Roll},
 journal = {International Economic Review},
 publisher = {[Economics Department of the University of Pennsylvania, Wiley, Institute of Social and Economic Research, Osaka University]},
 title = {The Adjustment of Stock Prices to New Information},
 year = {1969}
}



@article{mackinlay1997event,
  title={Event studies in economics and finance},
  author={MacKinlay, A Craig},
  journal={Journal of Economic Literature},
  year={1997},
  publisher={JSTOR}
}

@article{Ghoshal,
  title={Extracting predictive information from heterogeneous data streams using {G}aussian Processes},
  author={Ghoshal, S and Roberts, S},
  journal={Algorithmic Finance},
  year={2016}
}

@article{classifq,
  author={M. {Qasem} and R. {Thulasiram} and P. {Thulasiram}},
  journal={International Conference on Advances in Computing, Communications and Informatics}, 
  title={Twitter sentiment classification using machine learning techniques for stock markets}, 
  year={2015},}

@article{erdemlioglu2017market,
  title={Market reaction to news and investor attention in real time},
  author={Erdemlioglu, Deniz and Gillet, Roland L and Renault, Thomas},
  journal={SSRN},
  year={2017}
}

@article{nlp1,
title = {Classification of Hot News for Financial Forecast Using {NLP} Techniques},
author={S. {Yildirim} and D. {Jothimani} and C. {Kavaklioglu} and A. {Basar}},
journal = {IEEE International Conference on Big Data},
year = {2018},
}

@article{nikfarjam2010text,
  title={Text mining approaches for stock market prediction},
  author={Nikfarjam, Azadeh and Emadzadeh, Ehsan and Muthaiyah, Saravanan},
  booktitle={2010 the 2nd international conference on Computer and automation engineering (ICCAE)},
  volume={4},
  pages={256--260},
  year={2010},
  organization={IEEE}
}


@Article{campbell,
  author={John Campbell and Jens Dietrich Hilscher and Jan Szilagyi},
  title={{Predicting financial distress and the performance of distressed
stocks}},
  journal={Journal of Investment Management},
  year=2001,
}

@Article{technicalreport,
  author={Olivier Chen},
  title={{Credit Rating Initiative Technical Report}},
  year=2011,
}

@article{barboza2017machine,
  title={Machine learning models and bankruptcy prediction},
  author={Altman, Edward and Kimura, Herbert and Barboza, Flavio},
  journal={Expert Systems with Applications},
  year={2017}
}


@inproceedings{pang2002thumbs,
  title={Thumbs up?: sentiment classification using machine learning techniques},
  author={Pang, Bo and Lee, Lillian and Vaithyanathan, Shivakumar},
  booktitle={Proceedings of the ACL-02 conference on Empirical methods in natural language processing-Volume 10},
  year={2002},
  organization={Association for Computational Linguistics}
}


@book{Jurafsky,
 author = {Jurafsky, Daniel and Martin, James H.},
 title = {Speech and Language Processing: An Introduction to Natural Language Processing, Computational Linguistics, and Speech Recognition},
 year = {2000},
 isbn = {0130950696},
 edition = {1st},
 publisher = {Prentice Hall PTR},
 address = {Upper Saddle River, NJ, USA},
} 

@article{ontherisefintech,
  title={On the Rise of the FinTechs - Credit Scoring using Digital Footprints},
  author={Puri, Manju and Berg, Tobias and Burg, Valentin and Gombović, Ana},
  journal={Working paper},
  year={2018},
}


@article{nikolov2014agency,
  title={Agency conflicts and cash: Estimates from a dynamic model},
  author={Nikolov, Boris and Whited, Toni M},
  journal={The Journal of Finance},
  volume={69},
  number={5},
  pages={1883--1921},
  year={2014},
  publisher={Wiley Online Library}
}

@article{fama1991efficient,
  title={Efficient capital markets},
  author={Fama, Eugene F},
  journal={The Journal of Finance},
  year={1991},
  publisher={Wiley Online Library}
}

@article{ranco2015effects,
  title={The effects of {T}witter sentiment on stock price returns},
  author={Ranco, Gabriele and Aleksovski, Darko and Caldarelli, Guido and Gr{\v{c}}ar, Miha and Mozeti{\v{c}}, Igor},
  journal={PloS one},
  year={2015},
  publisher={Public Library of Science}
}

@article{utest,
 author = {H. B. Mann and D. R. Whitney},
 journal = {The Annals of Mathematical Statistics},
 publisher = {Institute of Mathematical Statistics},
 title = {On a Test of Whether one of Two Random Variables is Stochastically Larger than the Other},

 year = {1947}
}

@article{sheskin,
 author = {David J. Sheskin},
 title = {Handbook of Parametric and Nonparametric Statistical Procedures},
 year = {1998},
   journal={Chapman and Hall}
}

@article{boxplot1,
 author = {F.M. Dekking and  C. Kraaikamp and H.P. Lopuhaa and L.E. Meester},
 title = {A modern introduction to probability and statistics},
 year = {2005},
  journal={Springer}
}

@article{boxplot2,
 author = {John W. Tukey},
 title = {Exploratory Data Analysis},
  year={1977},
  journal={Reading}
}

@article{wilson2005recognizing,
  title={Recognizing contextual polarity in phrase-level sentiment analysis},
  author={Wilson, Theresa and Wiebe, Janyce and Hoffmann, Paul},
  journal={Conference on Empirical Methods in Natural Language Processing},
  year={2005}
}

@article{chen2020large,
  title={A large scale speech sentiment corpus},
  author={Chen, Eric and Lu, Zhiyun and Xu, Hao and Cao, Liangliang and Zhang, Yu and Fan, James},
  journal={Proceedings of the 12th Language Resources and Evaluation Conference},
  year={2020}
}

@article{renault2020sentiment,
  title={Sentiment analysis and machine learning in finance: a comparison of methods and models on one million messages},
  author={Renault, Thomas},
  journal={Digital Finance},
  year={2020},
  publisher={Springer}
}

@article{saif2014stopwords,
  title={On stopwords, filtering and data sparsity for sentiment analysis of {T}witter},
  author={Saif, Hassan and Fern{\'a}ndez, Miriam and He, Yulan and Alani, Harith},
  journal={International Conference on Language Resources and Evaluation},
  year={2014}
}

@misc{stocktwits,
  title = {StockTwits Sentiment Classification and Stock Returns},
  author = {Divernois, Marc-Aurele and Filipovic, Damir},
  year = {2022},
  howpublished = {\url{https://papers.ssrn.com/sol3/papers.cfm?abstract_id=3657034}},
}


@article{tet_07,
author = {Tetlock, Paul},
title = {Giving content to investor sentiment: the role of media in the stock Market},
journal = {The Journal of Finance},
eprint = {https://onlinelibrary.wiley.com/doi/pdf/10.1111/j.1540-6261.2007.01232.x},
abstract = {ABSTRACT I quantitatively measure the interactions between the media and the stock market using daily content from a popular Wall Street Journal column. I find that high media pessimism predicts downward pressure on market prices followed by a reversion to fundamentals, and unusually high or low pessimism predicts high market trading volume. These and similar results are consistent with theoretical models of noise and liquidity traders, and are inconsistent with theories of media content as a proxy for new information about fundamental asset values, as a proxy for market volatility, or as a sideshow with no relationship to asset markets.},
year = {2007}
}

@article{ke_kel_xiu_20,
  title={Predicting Returns with Text Data},
  author={Ke, Zheng and Kelly, Bryan T. and Xiu, Dacheng},
  journal={SSRN},
  year={2020}
}
